@BOOK{Haykin99,
  author		= {HAYKIN, S. S.},
  title			= {Neural Networks: A Comprehensive Foundation},
  year			=	{1999},
  publisher	= {Prentice Hall},
  edition		= {Second}
}
@BOOK{Fausett94,
  author		= {FAUSSET, L. V.},
  title			= {Fundamentals of Neural Networks: Architectures, Algorithms, and Applications},
  year			= {1994},
  publisher	= {Prentice-Hall}
}
@BOOK{Bishop95,
  author		= {BISHOP, C. M.},
  title			= {Neural Networks for Pattern Recognition},
  year			= {1995},
  publisher	= {Clarendon Press}
}
@BOOK{Haykin99b,
  author		= {HAYKIN, S. S.},
  title			= {Neural Networks and Learning Machines},
  year			= {1999},
  publisher	= {Prentice Hall},
	edition		= {Third}
}
@BOOK{Watson08,
  author		= {WATSON, M.},
  title			= {Practical Artificial Intelligence Programming With Java},
  year			= {2008},
	publisher	= {Mark Watson},
	edition		= {Third}
}
@BOOK{DaCosta05,
	author		= {DA COSTA, L. P.},
	title			= {Atlas do esporte no Brasil: Atlas do esporte, educa\c{c}\~{a}o f\'{i}sica e atividades de sa\'{u}de e lazer no Brasil},
	year			= {2005},
	publisher	= {Shape Editora e Promo\c{c}\~{o}es Ltda.}
}
@BOOK{Elo08,
	author		= {ELO, A. E. and SLOAN, S.},
	title			= {The Rating of Chess Players, Past and Present},
	year			= {2008},
	publisher	= {Ishi Press International}
}
@BOOK{Minsky69,
	author		= {MINSKY, W. T. and PAPERT, S. A.},
	title			= {Perceptrons, Expanded Edition},
	year			= {1969},
	publisher	= {Cambridge, MA: MIT Press}
}
@BOOK{McClelland88,
	author		= {McCLELLAND, J. L. and RUMELHART, D. E.},
	title			= {Explorations in Parallel Distributed Processing},
	year			= {1988},
	publisher	= {Cambridge, MA: MIT Press}
}
@BOOK{Rosenblatt62,
	author		= {ROSENBLATT, F.},
	title			= {Principles of Neurodynamics},
	year			= {1962},
	publisher	= {New York: Spartan}
}
@conference{Cheng03,
  author       = {CHENG, T. and CUI, D. and FAN, Z. and ZHOU, J. and LU, S.}, 
  title				 = {A New Model to Forecast the Results of Matches Based on Hybrid Neural Networks in the Soccer Rating System},
  booktitle    = {Fifth International Conference on Computational Intelligence and Multimedia Application},
  year         = 2003,
  organization = {IEE Computer Society}
}
@conference{Aslan07,
  author       = {ASLAN, B. G. and INCEOGLU, M. M.}, 
  title   		 = {A Comparative Study on Neural Network based Soccer Result Prediction},
  booktitle    = {Seventh International Conference on Intelligent Systems Design and Applications},
  year         = 2007,
  organization = {IEE Computer Society}
}
@conference{Silva02,
  author       = {SILVA, C. F. and GARCIA, E. S. and SALIBY, E.}, 
  title        = {Soccer Championship Analysis Using Monte Carlo Simulation},
  booktitle    = {2002 Winter Simulation Conference},
  year         = 2002,
  volume       = {1-2},
  pages        = {2011-2016}
}
@article{Purucker96,
  author  = {PURUCKER, M. C.}, 
  title   = {Neural Network Quarterbacking: How Different Training Methods Perform in Calling the Games},
  journal = {Potentials, IEEE},
  year    = 1996,
  pages   = {9-15},
  month   = 8,
  volume  = 15
}
@article{Alpert90,
  author  = {ALPERT, S. R. and WOYAK, S. W. and SHROBE, H. J. and ARROWOOD, L. F.}, 
  title   = {Guest Editor's Introduction: Object-Oriented Programming in AI},
  journal = {IEEE Expert: Intelligent Systems and Their Applications},
  year    = 1990,
  pages   = {6-7},
  month   = 12,
  volume  = 5
}
@article{Flitman04,
  author  = {FLITMAN, A. M.}, 
  title   = {Towards probabilistic footy tipping: a hybrid approach utilising genetically defined neural networks and linear programming},
  journal = {Computers \& Operations Research},
  year    = 2006,
  pages   = {2003-2022},
  month   = 7,
  volume  = 33
}
@article{Mehrez95,
  author  = {MEHREZ, A. and HU, M. Y.}, 
  title   = {Predictors of the outcome of a soccer game - a normative analysis illustrated for the Israeli Soccer League},
  journal = {Zeitschrift f\"{u}r Operations Research},
  year    = 1995,
  pages   = {361-372},
  month   = 10,
  volume  = 42
}
@article{McCulloth43,
  author  = {MCCULLOTH, W. S. and PITTS, W.}, 
  title   = {A Logical Calculus of the Ideas Immanent in Nervous Activity},
  journal = {Bulletin of Mathematical Biophysics},
  year    = 1943,
  pages   = {115-133},
  volume  = 5
}
@article{Changeux76,
	author		= {CHANGEUX, J. P. and DANCHIN, A.},
	title			= {Selective Stabilization of Developing Synapses as a Mechanism for the Specification of Neuronal Networks},
	journal 	= {Nature},
	year			= {1976},
	pages			= {705-712},
	volume		= 264
}
@article{Stent73,
	author		= {STENT, G. S.},
	title			= {A Physiological Mechanism for Hebb's Postulate of Learning},
	journal 	= {Proceedings of the National Academy of Science of the U.S.A.},
	year			= {1973},
	pages			= {997-1001},
	volume		= 70
}