@BOOK{Haykin99,
  author={Simon Haykin},
  title={Neural Networks - A Comprehensive Foundation},
  year={1999},
  publisher={Pearson Education},
  edition={Second}
}
@BOOK{Fausett94,
  author={Laurene V. Fausset},
  title={Fundamentals of Neural Networks: Architectures, Algorithms, and Applications},
  year={1994},
  publisher={Prentice-Hall}
}
